@BOOK {dante,
    author    = "Luiz Roberto Dante",
    title     = "Matemática - Teláris",
    publisher = "Ática",
    year      = "2018"
}